% Encoding: UTF-8

@Book{Dorofeev2017,
  title     = {Джедайские техники. {К}ак воспитать свою обезьяну, опустошить инбокс и сберечь мыслетопливо},
  publisher = {М.:~<<Манн, Иванов и Фербер>>},
  year      = {2017},
  author    = {Дорофеев, Максим},
  isbn      = {978-5-00117-065-5},
  pages     = {368},
}

@Book{Reynvoter2019,
  title     = {Как пасти котов. {Н}аставление для программистов, руководящих другими программистами},
  publisher = {СПб.:~Питер},
  year      = {2019},
  author    = {Рейнвотер, Дж. Ханк},
  isbn      = {978-5-4461-1035-3},
  pages     = {256},
}

@Book{Ilyahov2019,
  title     = {Пиши, сокращай. {К}ак создавать сильный текст},
  publisher = {М.:~Альпина Паблишер},
  year      = {2018},
  author    = {Ильяхов, Максим and Сарычева, Людмила},
  isbn      = {978-5-9614-6526-6},
  pages     = {440},
}

@Comment{jabref-meta: databaseType:bibtex;}
